@book{szeliski2022computer,
  title={Computer vision: algorithms and applications},
  author={Szeliski, Richard},
  year={2022},
  publisher={Springer Nature}
}

@article{viola2004robust,
  title={Robust real-time face detection},
  author={Viola, Paul and Jones, Michael J},
  journal={International journal of computer vision},
  volume={57},
  number={2},
  pages={137--154},
  year={2004},
  publisher={Springer}
}

@article{yang2002detecting,
  title={Detecting faces in images: A survey},
  author={Yang, Ming-Hsuan and Kriegman, David J and Ahuja, Narendra},
  journal={IEEE Transactions on pattern analysis and machine intelligence},
  volume={24},
  number={1},
  pages={34--58},
  year={2002},
  publisher={IEEE}
}

@article{fischler1973representation,
  title={The representation and matching of pictorial structures},
  author={Fischler, Martin A and Elschlager, Robert A},
  journal={IEEE Transactions on computers},
  volume={100},
  number={1},
  pages={67--92},
  year={1973},
  publisher={IEEE}
}

@article{yuille1991deformable,
  title={Deformable templates for face recognition},
  author={Yuille, Alan L},
  journal={Journal of cognitive neuroscience},
  volume={3},
  number={1},
  pages={59--70},
  year={1991},
  publisher={MIT Press}
}

@article{kirby1990application,
  title={Application of the Karhunen-Loeve procedure for the characterization of human faces},
  author={Kirby, Michael and Sirovich, Lawrence},
  journal={IEEE Transactions on Pattern analysis and Machine intelligence},
  volume={12},
  number={1},
  pages={103--108},
  year={1990},
  publisher={IEEE}
}

@inproceedings{yu1994face,
  title={Face recognition with eigenfaces},
  author={Yu, YL and others},
  booktitle={Proceedings of 1994 IEEE International Conference on Industrial Technology-ICIT'94},
  pages={434--438},
  year={1994},
  organization={IEEE}
}

@inproceedings{lemieux2002experiments,
  title={Experiments on eigenfaces robustness},
  author={Lemieux, Alexandre and Parizeau, Marc},
  booktitle={2002 International Conference on Pattern Recognition},
  volume={1},
  pages={421--424},
  year={2002},
  organization={IEEE}
}

@article{rowland1995manipulating,
  title={Manipulating facial appearance through shape and color},
  author={Rowland, Duncan A and Perrett, David I},
  journal={IEEE computer graphics and applications},
  volume={15},
  number={5},
  pages={70--76},
  year={1995},
  publisher={IEEE}
}

@book{goodfellow2016deep,
  title={Deep learning},
  author={Goodfellow, Ian and Bengio, Yoshua and Courville, Aaron},
  year={2016},
  publisher={MIT press}
}

@inproceedings{acero2000overview,
  title={An overview of text-to-speech synthesis},
  author={Acero, Alex},
  booktitle={2000 IEEE Workshop on Speech Coding. Proceedings. Meeting the Challenges of the New Millennium (Cat. No. 00EX421)},
  pages={1},
  year={2000},
  organization={IEEE}
}

@misc{sebastian2005probabilistic,
  title={Probabilistic robotics},
  author={Sebastian, THRUN and Wolfram, Burgard and Dieter, F},
  year={2005},
  publisher={The MIT Press Cambridge, MA, USA:}
}

@inproceedings{murase1993learning,
  title={Learning and recognition of 3D objects from appearance},
  author={Murase, Hiroshi and Nayar, Shree K},
  booktitle={[1993] Proceedings IEEE Workshop on Qualitative Vision},
  pages={39--50},
  year={1993},
  organization={IEEE}
}

@article{bengio2003no,
  title={No unbiased estimator of the variance of k-fold cross-validation},
  author={Bengio, Yoshua and Grandvalet, Yves},
  journal={Advances in Neural Information Processing Systems},
  volume={16},
  year={2003}
}

@misc{geitgey2017recognition,
  title = {Face Recognition},
  author = {Adam Geitgey},
  year = {2017},
  publisher = {GitHub},
  journal = {GitHub Repository},
  howpublished = {\url{https://github.com/ageitgey/face_recognition}}
}
